3176 5008
583 231 584 234 ¹
682 207 756 277 Υ13

140 407 214 476 quae
237 386 374 456 dederat
397 387 426 453 in
449 387 574 453 luminis
597 394 710 468 oras;“
742 387 773 452 id
798 408 827 453 v.
849 405 917 452 sas:
942 405 1031 462 „sam
1055 384 1075 452 l.
1098 387 1148 455 lll.
1171 381 1331 456 latendum

140 509 189 560 est
211 515 282 560 eam
306 493 501 582 significare,
532 514 605 558 cum
634 493 858 574 ait(En11ius):
888 511 952 558 nec
980 492 1146 579 quisquam
1175 494 1331 581 sophiam,

138 600 293 686 sapientia
317 620 390 687 ηοω
415 597 616 687 perhibetur,
639 599 669 662 in
685 597 803 664 somnis
820 597 896 662 vidit
909 596 995 683 prius
1011 617 1107 684 quam
1123 618 1190 664 sarn
1206 599 1331 668 discere

139 704 248 790 coepit.
298 703 387 770 ldem
417 703 575 782 (Ennius),
607 723 679 768 cum
712 703 756 767 alt
783 721 911 790 sapsam
944 722 1003 788 pro
1033 703 1117 788 ipsa;
1149 725 1211 770 nec
1240 705 1332 772 aliter

138 809 227 897 ponit
250 809 281 873 in
304 807 386 876 libro
409 809 492 874 lllll:
521 829 587 894 quo
609 829 662 874 res
684 827 778 895 sapsa
801 805 874 874 loco
897 827 971 872 sese
1002 818 1207 898 ostentatque
1227 808 1332 876 iubet·

138 935 217 1002 ηοω
241 924 275 979 et
297 913 453 980 Pacuvius
469 913 498 978 in
517 915 658 980 Teucro:
683 932 755 977 nam
772 914 930 978 Teucrum
953 911 1020 999 regi
1044 931 1139 999 sapsa
1163 933 1216 980 res
1240 915 1331 980 resti-

138 1017 260 1086 bitter‘.
303 1021 403 1106 Sapsa
426 1018 519 1106 igitur
542 1038 601 1104 pro
625 1037 663 1084 ea
687 1017 755 1105 ipsa
780 1017 831 1090 vel
855 1037 954 1103 eapse
978 1016 1109 1093 dicitur,
1130 1038 1204 1104 ηοω
1229 1019 1330 1110 lorma

138 1125 168 1190 in
191 1144 308 1211 reapse
331 1125 404 1190 Pac.
427 1123 484 1199 at,
508 1122 573 1188 374
601 1143 661 1209 pro
693 1143 729 1188 re
757 1143 872 1208 eapse,
904 1121 1047 1207 reipsa,
1078 1123 1163 1188 etin
1195 1145 1330 1212 eumpse

138 1230 209 1296 Pac.
233 1229 277 1296 30
299 1239 418 1304 exstat;
442 1229 481 1295 cl.
505 1228 598 1293 etiam
622 1225 707 1293 Paul.
730 1248 758 1293 v.
781 1247 891 1314 eapse.
1389 1293 1391 1300 Α

226 1336 256 1401 6.
300 1335 330 1400 ls
354 1355 437 1400 nom.
462 1331 542 1419 plur.
564 1332 638 1398 lacit
661 1331 692 1398 is
715 1330 765 1398 vel
790 1352 833 1397 es
857 1331 928 1398 Pac.
950 1331 1013 1398 221
1039 1351 1091 1418 ap.
1113 1331 1207 1400 Char.
1227 1333 1260 1412 1,
1276 1335 1328 1412 21,

138 1440 215 1507 tae:
233 1440 304 1527 „im
328 1460 388 1526 pro
413 1458 500 1515 eum,
524 1457 596 1502 nam
620 1437 662 1502 ita
686 1437 825 1502 Scaurus
848 1436 878 1500 in
902 1446 970 1502 arte
993 1438 1199 1524 grammatica
1220 1438 1331 1526 dispu-

135 1545 227 1622 tavit,
257 1543 404 1630 antiquos
426 1541 467 1608 im
498 1563 578 1630 ques
608 1540 693 1608 hunc
721 1540 859 1608 eundern
890 1539 1068 1630 significare
1099 1562 1273 1612 consuesse
1297 1555 1330 1611 et

135 1647 287 1715 declinari
311 1641 374 1713 itai
402 1649 428 1715 is
452 1648 520 1714 eius
543 1647 573 1713 ei
596 1668 669 1713 eum
695 1644 745 1712 vel
769 1646 824 1723 lm,
854 1667 988 1713 numero
1015 1646 1127 1734 plurali
1151 1648 1191 1727 is,
1223 1661 1257 1714 ut
1280 1661 1330 1717 est

133 1754 258 1821 locutus
281 1753 437 1822 Pacuvius
459 1752 491 1818 in
513 1751 622 1818 Medo:
646 1751 735 1831 Ques
756 1762 830 1818 sunt
852 1752 909 1818 es?
931 1751 1026 1840 ignoti
1049 1753 1158 1819 nescio
1181 1762 1282 1840 ques“
1297 1755 1329 1840 ¹).

133 1858 199 1926 Sed
222 1858 281 1926 etsi
306 1857 352 1925 eis
374 1878 459 1924 nom.
482 1855 562 1943 plur.
586 1857 681 1924 etiam
706 1857 736 1920 in
759 1856 831 1944 lege
854 1857 966 1924 Servil.
989 1877 1040 1943 ap.
1063 1857 1152 1924 Grut.
1174 1860 1252 1936 506,
1268 1860 1326 1942 27;

133 1964 213 2040 307,
237 1964 296 2042 21;
321 1965 399 2041 503,
426 1963 481 2041 13,
506 1961 573 2028 eeis
596 1963 670 2028 Sen.
695 1960 787 2028 Cous.
810 1961 852 2028 de
875 1961 992 2029 Bacch.
1014 1963 1073 2040 31,
1097 1962 1153 2028 icis
1177 1961 1237 2050 leg.
1260 1965 1327 2034 Put.

132 2089 201 2156 par.
230 2070 291 2134 lac.
319 2089 372 2156 ap.
403 2067 490 2134 Grut.
519 2067 598 2144 207,
630 2066 650 2132 3
678 2065 848 2153 invenitur,
877 2087 951 2132 num
983 2078 1089 2134 tamen
1117 2067 1273 2135 Pacuvius
1297 2071 1327 2135 in

132 2175 192 2240 isto
216 2193 310 2240 versu
333 2173 496 2260 scripserit
518 2173 557 2250 is,
581 2190 781 2259 magnopere
803 2170 935 2238 dubium
959 2185 1022 2250 est,
1046 2194 1143 2261 quum
1166 2173 1328 2241 Charisius

134 2281 167 2356 1,
193 2279 247 2356 17,
270 2279 310 2346 71
338 2289 370 2344 et
392 2277 571 2345 Priscianus
596 2277 651 2355 13,
666 2277 703 2353 3,
723 2277 762 2343 13
786 2276 925 2344 eundem
950 2271 1078 2344 versum
1100 2279 1169 2346 sine
1192 2301 1226 2349 cs
1248 2279 1327 2347 affe-

132 2395 203 2451 rant
224 2390 321 2473 (ques
344 2384 437 2450 sunt?
461 2382 569 2464 Char.;
600 2403 680 2470 ques
708 2391 780 2448 sunt
802 2382 871 2448 tstir
895 2383 1016 2461 Prisc).

220 2490 251 2556 7.
296 2491 329 2554 ln
354 2488 472 2556 eodem
495 2487 622 2554 Pacuvii
646 2508 741 2554 versu
763 2489 858 2570 (221)
883 2489 937 2576 qui
960 2510 1043 2555 nom.
1067 2489 1108 2577 pl.
1131 2489 1206 2558 lacit
1229 2511 1328 2579 ques3

132 2595 172 2662 cl.
195 2593 287 2660 Char.
314 2594 340 2670 l,
366 2593 415 2671 17,
434 2593 491 2662 71:
515 2592 599 2670 „Sed
624 2603 657 2659 et
679 2592 791 2680 plurali
814 2593 1007 2660 nominativo
1031 2595 1249 2674 variaverunt,
1271 2596 1326 2685 qui

132 2699 334 2786 proferentes
350 2709 381 2768 et
398 2719 493 2786 ques,
517 2697 603 2765 unde
619 2707 650 2765 et
666 2696 791 2764 dativus
807 2698 927 2785 duplex
944 2700 972 2764 in
988 2721 1045 2764 usu
1060 2698 1153 2766 nobis
1166 2713 1230 2778 est;
1255 2701 1327 2788 quis

133 2804 215 2871 enlm
230 2817 263 2872 et
278 2803 394 2892 quibus
407 2802 553 2878 dicimus,
577 2805 607 2869 in
630 2802 691 2868 alio
708 2804 775 2890 qui,
799 2804 828 2868 in
844 2801 906 2870 alio
919 2824 1001 2891 ques
1016 2803 1228 2881 declinantem
1251 2825 1324 2870 nam

131 2908 341 2990 nominativus
356 2907 511 2996 pluralis‘i
528 2907 631 2973 littera
654 2909 839 2973 terminatus
862 2908 979 2994 accipit
999 2928 1131 2994 semper
1155 2930 1190 2974 es
1206 2909 1326 2976 etfacit
1411 2919 1414 2924 '

132 3011 271 3079 dativum
287 3023 320 3078 ut
331 3012 363 3078 di
376 3012 438 3090 dis,
449 3013 491 3076 ita
504 3012 598 3079 etiam
612 3011 665 3098 qui
678 3011 763 3098 quis;
779 3012 804 3077 si
818 3032 895 3078 vero
909 3032 945 3077 es
960 3013 1146 3078 terminetur
1158 3013 1325 3078 nominati·-

132 3139 198 3196 vus,
214 3117 274 3186 bus
286 3117 411 3208 syllaba
428 3116 588 3183 terminari
603 3114 703 3181 debet
714 3115 848 3192 dativus,
864 3127 897 3180 ut
911 3115 1012 3182 duces
1025 3115 1170 3194 ducibus,
1186 3118 1227 3182 ita
1243 3138 1325 3205 ques

131 3224 255 3312 quibus.
301 3223 389 3301 Ques
418 3234 525 3288 autern
558 3231 685 3286 veteres
713 3219 830 3287 dixisse
861 3221 1040 3288 testimonio
1070 3234 1120 3288 est
1146 3223 1238 3296 Cato,
1270 3222 1324 3312 qui

130 3330 173 3394 ait
196 3329 360 3416 Originum
384 3329 423 3392 ll:
456 3346 666 3415 quascunque
696 3326 807 3391 llomae
839 3327 1070 3414 regnavissent,
1106 3339 1138 3393 et
1169 3328 1325 3394 Pacuvius
1357 3319 1359 3326 ’

130 3454 211 3521 ques
233 3433 329 3499 sunt?
361 3433 458 3519 ignoti
490 3431 598 3497 nescio
629 3451 709 3518 ques
732 3428 921 3516 ignotitesr.
966 3431 1060 3498 Char.
1082 3432 1118 3510 2,
1141 3431 1176 3508 3,
1202 3433 1238 3499 11
1266 3430 1325 3500 de·

130 3539 238 3606 clinat:
262 3535 451 3624 „pluraliter
474 3557 568 3622 ques,
592 3537 711 3612 cuium,
735 3536 821 3621 quis,
845 3543 958 3622 ques“.
988 3535 1085 3603 Prisc.
1109 3537 1203 3602 etiarn
1228 3557 1326 3626 ques·

129 3642 203 3709 dam
228 3643 372 3709 arditio
396 3640 503 3706 affert:
535 3639 783 3717 „nominativum
814 3638 969 3726 pluralem
994 3662 1056 3707 non
1079 3640 1181 3707 solum
1205 3642 1236 3706 in
1259 3641 1268 3705 i
1292 3651 1325 3708 et

130 3768 171 3823 ω,
195 3746 253 3814 sed
278 3749 371 3814 etiam
396 3747 426 3811 in
450 3767 499 3822 es,
523 3745 576 3833 qui
601 3764 675 3832 quae
698 3743 748 3812 vel
772 3765 867 3832 ques,
892 3745 1109 3812 accusativum
1132 3747 1226 3813 etiam
1242 3767 1326 3833 quos

129 3873 210 3941 quas
238 3853 289 3918 vel
320 3871 415 3940 ques,
448 3862 482 3915 ut
504 3850 576 3916 Pac.
604 3849 635 3914 iu
659 3848 753 3916 Medo
777 3848 892 3931 (Ribb.
915 3850 1016 3930 cett:
1047 3873 1128 3939 ques
1157 3861 1229 3918 sunt
1258 3851 1325 3928 isti;

129 3955 220 4024 Cato:
261 3976 470 4045 quascunque
501 3955 613 4022 Rornae
650 3954 888 4042 regnavissent;
925 3955 1024 4022 rlttius
1053 3957 1084 4022 in
1113 3955 1326 4043 Neoptolemo

130 4112 445 4135 d--..-——-

185 4218 203 4288 ¹)
234 4216 275 4271 01.
294 4216 370 4270 Paul.
394 4216 470 4274 Fert.
494 4213 541 4270 IX.
566 4235 593 4272 v.
619 4216 715 4285 celim,
738 4232 764 4271 r.
783 4235 839 4285 em,
864 4234 889 4272 v.
913 4233 1014 4287 emem;
1039 4218 1125 4272 Macr.
1148 4218 1204 4273 Sat.
1224 4219 1254 4285 1,
1272 4217 1289 4274 4
1308 4234 1324 4270 e

234 4303 336 4358 tabulis
355 4303 407 4356 XII
425 4301 464 4356 im
482 4303 578 4371 affert3
597 4303 683 4358 etiam
702 4303 758 4360 Cic.
778 4306 832 4374 leg.
850 4308 881 4374 2,
899 4306 948 4376 24,
967 4309 1015 4375 60,
1033 4306 1124 4362 Sohol.
1151 4307 1218 4360 Hor.
1236 4304 1324 4360 Serm.

110 4467 112 4472 Ι
234 4394 262 4460 1,
280 4391 312 4460 9,
329 4393 377 4458 703
396 4389 466 4445 Goll.
485 4391 531 4460 20,
552 4391 581 4460 1,
600 4392 649 4462 45,
667 4391 702 4446 cf.
721 4391 798 4447 Neue
817 4393 865 4447 lat.
885 4393 932 4448 Gr.
951 4393 991 4464 II,
1010 4395 1069 4450 138.
