3176 5008
764 113 767 121 r

504 118 585 160 ’ζα
677 117 922 163 oun¹5:‚'

544 163 552 176 ι
683 165 805 183 μοι,

557 184 560 195 r
653 190 659 202 ι
736 199 742 206 ¹
798 179 867 213 ’σι

757 231 759 236 ·
833 205 892 273 ‘to

538 316 545 330 ι
583 313 591 329 ⁸
670 327 677 339 ,
737 315 797 332 eo
914 311 919 323 ⁸

274 353 501 466 monumentis
517 354 826 469 ‘deprompserunt'
868 375 1074 468 Quapropter
1110 381 1274 460 urbanitas
1310 385 1469 471 posterior

274 493 386 567 multa,
411 510 484 578 quae
508 487 593 573 apud
618 489 755 576 tragicos
778 487 808 552 in
825 509 882 553 usu
907 499 1012 564 erant,
1038 508 1099 553 non
1114 488 1346 576 comprobavit.
1371 490 1468 554 Etiam
1544 519 1545 526 ¹

274 599 404 686 elegans
441 606 473 660 et
506 594 643 658 facetum
683 591 837 680 quodque
876 592 1062 658 Graeoorum
1098 596 1286 660 suavitatem
1323 595 1468 672 referret,

273 724 385 770 eorum
417 699 533 788 lingua
565 697 680 777 deluit3
717 717 851 764 sonoras
882 697 1046 784 praeoipue
1078 697 1223 766 fictiones
1254 713 1317 764 tam
1350 697 1468 764 crebro

272 817 478 893 usurparunt,
502 815 566 868 tam
590 803 684 869 avide
708 813 894 889 captarunt,
918 814 951 866 ut
969 803 1088 889 saepius
1106 826 1167 870 uon
1184 803 1314 870 multum
1329 802 1468 879 abesset,

272 913 348 1001 quin
372 929 525 999 pompam
549 909 578 973 in
603 908 741 974 dicendo
770 907 971 974 adhiberent.
1016 908 1110 987 Quod
1143 907 1281 996 probant
1310 907 1469 974 vocabula

274 1015 480 1106 mulititudo,
505 1013 715 1102 geminitudo‚
740 1012 1013 1100 repandirostruS,
1042 1015 1326 1090 incurvicervicus,
1354 1035 1469 1102 super-

272 1121 484 1210 biloquentio,
508 1118 747 1206 crispisulcans,
779 1120 1048 1205 perterricrepus,
1079 1113 1275 1194 incurvisco,
1305 1139 1468 1196 succusso,

273 1247 429 1314 corporo,
453 1225 545 1312 pigro
569 1223 695 1310 aliaque
720 1223 825 1290 multa.
855 1227 961 1311 lpsum
978 1225 1107 1303 Attium,
1130 1225 1299 1313 tragoediae
1316 1226 1468 1290 Romanae

272 1333 466 1422 principem,
491 1331 646 1396 Pacuvius
670 1329 918 1416 reprehendisse
931 1329 1060 1406 dicitur,
1083 1331 1189 1417 „quod
1204 1350 1321 1397 sonora
1337 1329 1467 1418 quidem
1544 1331 1545 1334 ’

273 1448 380 1504 essent
403 1456 476 1524 quae
499 1435 679 1521 scripsisset
703 1445 735 1499 et
757 1433 904 1522 grandia,
928 1435 986 1500 sed
1010 1433 1069 1500 sibi
1094 1436 1223 1501 duriora
1248 1447 1280 1502 et
1302 1437 1467 1522 asperiora
1544 1499 1545 1508 ,

272 1543 482 1610 viderentur“
506 1539 605 1622 (Geli.
628 1541 710 1615 Xlll‚
732 1539 778 1620 Ξ).
796 1577 844 1596 .-
874 1543 1019 1606 Attamen
1043 1541 1152 1628 negari
1176 1542 1299 1629 nequit,
1330 1541 1468 1628 tragicos
1544 1551 1545 1596 ἒ

268 1647 376 1713 multis
400 1646 509 1712 formis
532 1644 746 1732 vocibusque,
771 1664 844 1732 quat
862 1657 974 1731 postea
998 1645 1029 1709 in
1047 1667 1104 1711 usu
1120 1643 1307 1720 manebant,
1329 1645 1467 1733 linguam

271 1752 386 1820 rudem
415 1749 522 1816 adbuc
545 1761 577 1816 et
601 1769 778 1837 pauperem
808 1750 1009 1816 emendasse.
1053 1751 1183 1839 Linguae
1215 1753 1377 1818 etiamtum
1408 1749 1468 1816 du-

271 1858 341 1925 ritia
365 1857 630 1942 contumaciaque
654 1853 922 1942 prohibebantur,
946 1876 986 1922 oe
1002 1856 1155 1923 maiorem
1172 1857 1323 1924 orationis
1338 1855 1467 1944 elegan-

271 1964 346 2029 tiam
371 1973 629 2048 assequor-eumq
651 1996 695 2008 -

359 2069 383 2132 E
413 2067 606 2154 tragicorum
641 2065 756 2152 linguae
793 2065 1035 2152 investigatione
1066 2067 1160 2132 etiam
1192 2066 1288 2134 multa
1321 2085 1394 2155 quac
1425 2065 1467 2131 ad

272 2173 519 2259 uniuscuiusque
553 2170 711 2258 ingenium
736 2170 995 2258 cognoscendum
1021 2173 1133 2237 mirum
1157 2185 1309 2259 quantum
1342 2171 1467 2248 faciant,

271 2278 374 2368 colligi
407 2285 622 2365 possunt·-
654 2275 767 2341 Ennius
797 2296 893 2363 quem
926 2295 1123 2364 magnopere
1153 2277 1320 2344 indulsisse
1350 2278 1468 2344 scimus
1544 2353 1545 2356 Ἴ

270 2383 436 2450 momoriae
467 2381 597 2447 sancitas
628 2378 714 2467 apud
740 2379 899 2447 Romanos
929 2381 1047 2455 amori,
1079 2379 1225 2448 obsoleta
1257 2381 1363 2448 denuo
1387 2381 1467 2447 ado·

271 2502 363 2576 ptare
387 2507 482 2575 quam
508 2506 588 2552 nova
613 2485 708 2573 plane
733 2487 871 2573 experiri
895 2486 1012 2552 maluit
1042 2487 1209 2573 Perpauca
1233 2498 1352 2552 tautum
1372 2507 1467 2552 voca·

270 2593 345 2660 bula
370 2613 453 2658 nove
478 2590 579 2668 fiuxit,
604 2591 701 2656 multa
725 2597 803 2658 vero
826 2613 844 2656 e
868 2590 973 2679 lingua
996 2591 1117 2680 vulgari
1142 2603 1174 2658 et
1196 2594 1332 2678 antiquis
1355 2612 1468 2657 mouu-
1544 2579 1545 2642 l

271 2698 386 2764 mentis
408 2696 619 2784 deprompsit.
655 2697 771 2762 Contra
795 2696 951 2762 Pacuvius
974 2707 1006 2762 et
1019 2697 1116 2762 Attius
1139 2698 1169 2761 in
1194 2696 1359 2763 vocabulis
1382 2697 1468 2762 deri·
1544 2721 1545 2780 3

271 2803 383 2870 vendis
413 2799 543 2868 liberius
573 2822 608 2868 se
632 2812 801 2867 moverunt
824 2812 857 2868 et
880 2799 977 2865 multa
1007 2802 1074 2866 ausi
1104 2813 1185 2875 sunt.
1230 2803 1364 2868 Istorum
1395 2812 1469 2868 sunt
1544 2797 1545 2858 ἶ

216 2978 218 2988 ,
271 2908 376 2975 omnia
408 2908 438 2972 in
470 2905 563 2985 tudo,
598 2918 661 2983 tas,
691 2905 776 2983 bilis,
814 2927 889 2972 osus
917 2905 991 2972 ficta
1023 2907 1166 2984 nomina,
1203 2905 1304 2972 verba
1336 2905 1467 2973 inchoa·
1544 2917 1545 2946 ³

270 3015 333 3078 tiva
358 3023 390 3079 et
412 3011 664 3086 denominativa,
693 3012 885 3098 composita,
917 3023 1075 3100 quatenus
1105 3032 1188 3078 nove
1216 3010 1291 3078 ficta
1323 3032 1368 3078 ea
1393 3032 1466 3078 esse
1544 3021 1545 3088 j

271 3115 513 3184 divinare-licet
535 3129 589 3182 aut
612 3118 808 3206 grammatici
832 3115 998 3183 allirmant.
1044 3115 1110 3182 Sed
1137 3117 1231 3182 etiam
1255 3117 1411 3184 Pacuvius
1435 3129 1468 3183 et
1544 3131 1545 3212 ζ

269 3223 369 3289 Attius
392 3221 474 3288 inter
495 3243 531 3288 se
555 3222 682 3288 distant
727 3222 883 3287 Pacuvius
913 3221 1028 3287 doctus
1059 3223 1237 3288 nominatur
1260 3223 1349 3303 (Hor.
1372 3222 1468 3309 Epist.

270 3328 305 3405 2,
333 3329 363 3403 l,
388 3327 459 3406 56),
485 3346 523 3393 ea
548 3315 589 3392 de
614 3346 723 3404 causa,
748 3338 782 3390 ut
804 3327 931 3413 opinor,
955 3323 1042 3413 quod
1066 3346 1174 3403 omne,
1198 3327 1285 3414 quod
1303 3329 1467 3394 essetsin-
1544 3309 1545 3358 ³

269 3431 380 3520 gulare
411 3442 444 3497 et
474 3431 646 3507 insolitum,
686 3451 883 3519 magnopere
913 3430 1099 3508 adamabat;
1139 3453 1239 3518 quare
1270 3455 1333 3497 non
1363 3433 1465 3499 solum
1544 3457 1545 3460 ¹

270 3549 470 3602 monstruosa
503 3536 659 3604 vocabula
691 3558 773 3602 nove
804 3535 906 3614 fiuxit,
938 3548 972 3601 ut
1001 3535 1291 3623 repandirostrum,
1330 3539 1466 3603 incurvi-

268 3641 442 3717 cervicum,
474 3640 533 3707 sed
557 3642 650 3708 etiam
683 3641 906 3728 antiquissimis
928 3641 1038 3706 lormis
1061 3652 1094 3706 et
1117 3641 1266 3720 vocibus,
1290 3647 1346 3724 (ut
1376 3663 1466 3729 ques,

268 3765 323 3824 es,
339 3745 614 3833 redamptruare),
638 3769 713 3812 usus
730 3758 792 3823 est,
817 3745 932 3832 quibus
948 3747 1139 3834 antiquitatis
1155 3747 1297 3834 speciem
1312 3747 1466 3814 affectare
1544 3761 1545 3806 ὲ

267 3864 300 3918 et
330 3852 461 3939 tragicae
494 3851 642 3919 dtctiouis
672 3847 883 3940 granditatem
915 3870 1035 3938 augere
1065 3851 1205 3918 volebat.
1258 3855 1372 3930 Attius,
1412 3854 1466 3941 qui

266 3955 349 4021 altus
373 3957 551 4022 nominatur
574 3959 664 4040 (Hor.
688 3956 707 4022 l.
731 3959 773 4050 ⁰3)
798 3966 830 4021 et
852 3956 985 4021 animosi
1008 3957 1073 4021 oris
1095 3956 1171 4037 (Ov.
1187 3962 1252 4023 Am.
1273 3959 1305 4034 l,
1323 3959 1377 4036 lb,
1404 3959 1465 4042 19),

267 4060 390 4126 omissis
422 4083 495 4149 quae
527 4084 601 4127 usus
632 4063 693 4126 iam
725 4071 908 4146 respuerat,
946 4061 976 4125 iu
1008 4061 1098 4127 novis
1129 4063 1326 4148 potissimum
1358 4063 1465 4131 verbis

267 4164 423 4252 lingendis
455 4180 600 4232 versatus
630 4187 701 4232 esse
726 4177 759 4232 et
780 4165 1004 4231 sublimitatem
1037 4165 1079 4230 ita
1111 4167 1229 4254 petisse
1260 4167 1400 4248 videtur,
1432 4182 1466 4235 ut

266 4269 424 4337 interdum
448 4271 528 4340 fines
552 4272 721 4340 transiliret
745 4282 777 4337 ct
800 4268 1133 4358 asper-horridusque
1157 4269 1258 4354 fieret.

704 4450 1015 4461 ——--·-——--
