3176 5008
696 279 951 401 026.

242 483 304 529 non
340 457 493 527 redderet
523 458 659 548 longam.
704 456 794 528 Hanc
817 459 978 528 llitschelii
1007 459 1189 548 opinionem
1214 481 1253 530 ea
1277 457 1319 530 de
1343 479 1439 530 causa

241 591 303 634 non
336 566 454 654 probat
484 563 671 633 Corssenius
699 568 794 634 Beitr.
822 589 854 654 p.
884 566 963 643 273,
995 567 1083 654 quud
1115 578 1178 634 tam
1210 570 1240 633 in
1271 569 1329 636 illis
1358 570 1440 636 Festi

242 671 398 760 exemplis
443 690 646 758 nequaquam
693 673 788 760 plane
825 693 885 758 pro
927 681 1033 737 tamen
1071 673 1110 737 sit
1144 672 1368 760 accipiendum
1408 685 1440 740 et

245 777 365 866 vulgari
392 773 612 865 significationi
636 777 728 844 facile
755 775 882 842 attribui
913 776 1022 863 possit.
1068 776 1155 842 Ennii
1186 779 1299 845 saltem
1328 799 1440 845 versus

242 881 317 948 nihil
354 880 507 968 probant,
543 901 640 968 quum
672 881 714 948 ita
745 881 876 948 lacerati
906 894 939 948 et
969 882 1103 947 truncati
1133 883 1209 960 siut,
1248 893 1282 949 ut
1315 895 1438 951 certum

241 985 359 1074 aliquid
383 985 486 1073 colligi
509 996 659 1072 nequeat.
683 1023 725 1035 -
980 997 982 1001 “

330 1092 488 1158 Pacuvius
508 1091 549 1156 21
575 1111 627 1177 ap.
650 1088 769 1158 Charis.
786 1091 826 1168 ll,
854 1089 928 1157 175:
953 1112 1079 1178 „seque
1103 1091 1143 1157 ad
1168 1090 1261 1160 lurlos
1284 1095 1345 1159 iam
1364 1094 1440 1161 inde

242 1196 360 1263 abhinc
383 1203 581 1262 exerceant“
612 1195 730 1262 abhinc
752 1195 795 1261 de
826 1205 973 1282 tempore
1003 1197 1109 1264 lutuno
1138 1200 1318 1286 usurpavit;
1350 1199 1438 1288 quod

244 1301 365 1370 nonnisi
397 1321 449 1386 ap.
479 1301 602 1390 Symm.
625 1301 680 1388 Ep.
703 1302 742 1376 4,
764 1302 805 1366 59
835 1301 1001 1368 invenitur.

331 1406 488 1485 Quoniam
513 1404 646 1494 Philarg.
669 1406 700 1472 in
724 1405 805 1492 Virg.
827 1405 884 1472 Ge.
908 1405 962 1482 lV,
984 1406 1049 1471 437
1080 1406 1232 1492 explicat:
1262 1394 1437 1496 „quoniam

243 1532 303 1597 pro
330 1522 519 1600 postquam
549 1511 705 1577 Pacuvius
728 1511 837 1592 (392):
862 1511 1012 1598 quoniam
1043 1511 1094 1577 ille
1118 1512 1238 1590 interit,
1268 1514 1436 1598 imperium

241 1615 363 1682 Heleno
396 1616 614 1682 transmissum
646 1622 731 1692 est“‚
770 1614 825 1682 ubi
854 1626 961 1681 tamen
990 1615 1176 1704 significatio
1207 1619 1345 1684 caucalis
1373 1641 1437 1685 non

241 1720 428 1787 excluditur.
1179 1801 1181 1806 Ι

330 1826 501 1904 Quianam,
524 1825 611 1913 quud
635 1845 770 1912 perraro
793 1825 907 1913 legitur
929 1824 1023 1914 (Virg.
1047 1828 1123 1892 Aen.-
1139 1827 1175 1903 V,
1194 1827 1250 1909 13;
1275 1827 1373 1895 Plaut.
1387 1831 1437 1895 Tr.

243 1931 275 2007 l,
293 1930 328 2006 2,
353 1931 407 2014 3t)
432 1952 491 2016 pro
516 1951 586 2006 cur,
612 1951 687 1996 usus
710 1941 759 1998 est
781 1931 880 1996 Attius
903 1932 984 1998 584:
1008 1932 1185 2010 „Quianam
1209 1943 1272 1998 tam
1296 1932 1436 2000 adverso

240 2035 374 2124 augurio
398 2035 517 2102 Thebis
539 2034 695 2101 radiatum
719 2034 826 2102 lumen
851 2047 991 2102 ostentus
1015 2037 1156 2102 tuum‘⁴'l

330 2137 383 2204 Ob
407 2141 554 2228 antiquos
584 2162 644 2227 pro
672 2139 714 2206 ad
732 2162 819 2216 ¹usos
847 2161 920 2208 esse
951 2141 1039 2208 testis
1070 2152 1118 2208 cst
1142 2143 1252 2208 Festus
1274 2141 1357 2224 ach
1388 2143 1435 2210 sic

239 2245 299 2311 hu
321 2244 402 2310 385:
425 2246 507 2322 „tela
532 2244 574 2312 ob
600 2245 717 2312 moenia
741 2245 861 2312 offerre
882 2247 1055 2332 imperat“;-
1077 2247 1138 2314 inc·
1160 2247 1295 2314 inelab.
1312 2249 1353 2313 94
1370 2247 1435 2323 „ob

240 2371 277 2416 os
300 2349 373 2416 Grai
397 2371 454 2417 ora
478 2349 693 2418 obvertebant
714 2358 809 2434 sua“;
832 2349 942 2418 theo:
966 2351 1026 2430 „ad
1041 2353 1166 2419 Troiam
1183 2351 1434 2420 misiobdelen-

239 2453 379 2522 dandam
403 2453 594 2522 Graeciam“.
1141 2467 1144 2472 '
