3176 5008
203 1001 259 1064 De
285 1009 470 1065 veterum
496 994 753 1086 tragicorum
779 995 1048 1068 llo-manorum
1073 995 1219 1090 lingua.

607 1237 622 1250 ,,
645 1237 655 1250 ,ἦ
696 1237 719 1251 a
788 1237 804 1251 a

100 1451 293 1557 Romanos
320 1487 504 1556 Graecorum
529 1485 559 1555 in
583 1503 652 1556 arte
672 1487 794 1578 tragica
820 1485 1033 1577 praestantiam
1058 1492 1196 1578 attigisse
1211 1505 1304 1555 nemo

102 1591 298 1673 contendatr
323 1596 445 1659 animus
468 1595 508 1660 ad
534 1617 639 1661 rerum
665 1604 697 1660 ut
719 1607 804 1672 sunt,
834 1617 896 1660 non
921 1609 954 1660 ut
976 1595 1048 1684 fingi
1074 1607 1205 1682 possunt
1228 1615 1305 1660 con·

103 1695 350 1782 templationem
382 1721 514 1785 pronus,
546 1723 668 1767 morum
687 1703 788 1766 *insita
821 1699 957 1776 lerocia,
990 1697 1143 1767 deficiens
1174 1719 1304 1786 quoque

105 1798 249 1891 benigna
279 1816 400 1870 naturae
425 1823 506 1870 vena
535 1825 692 1871 summum
723 1804 889 1893 tragoediae
918 1803 1030 1870 ssorenr
1063 1802 1305 1891 prohibuerunt.

104 1910 256 1973 Attamen
281 1909 374 1974 etlam
399 1909 577 1976 cavendum
603 1907 675 1985 erit,
700 1928 739 1976 ne
764 1911 950 1976 Graecorum
974 1909 1171 1996 comparatio
1190 1909 1304 1973 Roma·

106 2031 159 2077 nee
192 2013 359 2100 tragoediae
397 2013 593 2100 principibus
624 2017 751 2080 nimium
783 2011 910 2080 officiat.
962 2016 1162 2101 Quamquam
1200 2013 1303 2098 primo
1390 2021 1391 2025 ’

106 2116 240 2202 quidem
273 2115 458 2184 Graecorum
491 2120 613 2186 tabulas
645 2119 839 2185 transtulisse
868 2121 1028 2185 Romanos
1058 2131 1148 2185 certo
1177 2118 1303 2191 scimus,

108 2243 182 2288 mox
208 2235 313 2288 tamen
339 2225 367 2287 in
393 2219 506 2290 tabulis
529 2223 769 2309 conformandis
788 2246 846 2290 suo
870 2222 979 2290 confisi
1003 2225 1128 2311 ingenio
1152 2223 1243 2287 altius
1266 2240 1302 2286 se

109 2325 223 2392 tollere
248 2341 280 2392 et
303 2325 432 2393 liberius
455 2351 490 2394 se
515 2351 647 2395 movere
677 2341 862 2416 coeperunt,
893 2342 925 2393 ut
957 2339 1155 2403 resecarent,
1187 2326 1303 2414 quibus

110 2430 292 2498 incultiores
315 2431 474 2498 Romanos
505 2434 658 2500 delectari
683 2457 743 2500 non
771 2455 865 2518 posse
889 2434 1047 2510 sciebant,
1079 2445 1113 2497 ut
1135 2432 1302 2506 adderent,

110 2556 184 2621 quae
215 2534 255 2600 ad
280 2537 515 2625 intelligendum
548 2553 639 2604 erant
662 2561 743 2624 opus
767 2557 906 2626 quaeque
931 2559 970 2602 ex
995 2539 1120 2624 ingenio
1145 2538 1299 2602 Romano-

113 2661 191 2703 rum*
204 2662 275 2705 esse
293 2643 457 2728 putabant.
491 2641 651 2710 Orationis
666 2644 872 2720 sublimitate,
896 2645 1122 2708 sententiarum
1140 2643 1303 2730 gravitate,

112 2746 267 2819 actionum
292 2747 481 2834 granditate,
513 2749 542 2812 in
568 2749 684 2836 quibus
708 2769 821 2836 magna
846 2748 948 2828 inerat
971 2747 1010 2812 ad
1036 2767 1148 2812 sensus
1173 2767 1305 2810 moven-

114 2850 171 2913 dos
195 2852 251 2923 vis,
284 2853 377 2916 etiam
402 2853 585 2940 dignitatem
610 2865 642 2918 et
666 2855 863 2919 maiestatem
889 2852 997 2938 populi
1022 2851 1153 2916 Romani
1185 2849 1303 2915 efferre

113 2953 289 3018 studebant.
334 2958 441 3034 Quare
465 2958 620 3022 Pacuvius
652 2968 684 3023 et
707 2959 805 3022 Attius
836 2957 934 3042 magis
964 2957 1071 3020 imitati
1103 2975 1175 3020 esse
1207 2973 1303 3041 quam

117 3059 242 3123 vertisse
266 3058 413 3125 videntur
437 3058 568 3126 Graecos
592 3073 751 3126 auctores.

199 3165 308 3251 Neque
345 3167 453 3252 negari
491 3177 622 3252 potest,·
650 3167 744 3231 etiarn
780 3165 895 3254 linguae
930 3165 1107 3231 formandae
1144 3163 1304 3230 studiosos

118 3265 205 3333 luisse
237 3281 349 3354 poetas
378 3272 525 3358 tragicos.
578 3271 609 3336 ld
639 3292 716 3337 sane
746 3272 944 3338 coucedatur
973 3289 1108 3336 necesse
1144 3279 1204 3346 est,
1238 3291 1303 3343 eos,

119 3395 206 3460 quum
231 3371 320 3460 primi
351 3375 460 3442 litteris
490 3376 607 3463 scripta
635 3376 824 3442 mandarent
847 3387 879 3440 et
904 3374 1066 3440 urbanitas
1097 3373 1146 3439 illa
1178 3373 1305 3460 politior
1401 3407 1403 3410 ·

120 3479 258 3544 nondum
293 3481 544 3566 percrebuisset,
591 3481 714 3547 habere
760 3481 872 3546 multas
910 3481 1028 3545 formas
1067 3491 1099 3546 et
1137 3477 1305 3552 vocabula,

121 3604 186 3670 quae
214 3605 251 3650 er
283 3606 432 3652 sermone
464 3585 593 3671 plebeio
625 3586 793 3671 desumpta
826 3597 936 3671 postea
971 3597 1004 3648 ut
1032 3584 1175 3659 rudiora,
1209 3603 1306 3670 quam

121 3689 213 3775 lingua
249 3691 448 3755 emendatior
476 3693 609 3767 sineret,
651 3691 989 3777 reprehendebantur3
1028 3709 1065 3754 ea
1099 3701 1210 3764 aetate,
1242 3707 1306 3773 qua

123 3793 221 3858 litterae
251 3807 283 3860 et
311 3809 396 3862 artes
428 3818 489 3861 non
520 3795 604 3862 adeo
642 3796 728 3883 apud
761 3797 920 3860 Romanos
960 3793 1121 3869 valebant,
1160 3805 1193 3856 ut
1227 3794 1306 3857 otio·

48 3965 50 3969 ,
124 3919 216 3964 surum
241 3892 476 3966 oblectamenta
500 3903 596 3966 armis
620 3912 652 3967 et
675 3901 862 3988 reipublicae
886 3899 1044 3987 aagendae
1067 3899 1306 3984 praeferrentur,

126 4005 205 4068 etiam
228 4005 416 4092 elegantiam
442 4017 474 4072 et
496 4009 683 4074 suavitatem
701 4007 805 4072 Graeci
828 4005 984 4070 sermonis
1009 4003 1148 4070 defuisse
1173 4002 1307 4068 orationi

125 4109 260 4174 Romame
284 4123 534 4177 consentaneum
560 4122 617 4178 est.

201 4213 261 4279 Sed
286 4235 350 4301 quo
376 4219 474 4304 magis
498 4217 610 4284 litterae
635 4217 759 4282 Graeoae
784 4217 893 4280 Romae
918 4212 1120 4291 colebantur,
1145 4233 1185 4278 eo
1208 4211 1308 4276 maius

128 4318 244 4383 studium
269 4321 364 4386 etiam
389 4321 418 4386 iu
444 4321 580 4410 linguam
605 4323 717 4387 rudem
743 4321 850 4388 adhuc
874 4332 907 4387 et
930 4319 1172 4406 incompositam
1199 4337 1308 4383 emen·

611 4428 831 4576 aenaea
964 4423 978 4488 ⁴
